
@ARTICLE{Guillaume2016-vu,
  title   = "Transgenerational plasticity and environmental stress: do paternal
             effects act as a conduit or a buffer?",
  author  = "Guillaume, Annie S and Monro, Keyne and Marshall, Dustin J",
  journal = "Funct. Ecol.",
  volume  =  30,
  number  =  7,
  pages   = "1175--1184",
  month   =  "1~" # jul,
  year    =  2016
}

@ARTICLE{Coe1932-nq,
  title   = "Development of the gonads and the sequence of the sexual phases in
             the California oyster (Ostrea lurida)",
  author  = "Coe, Wesley R",
  journal = "Scripps Institution of Oceanography",
  year    =  1932
}

@ARTICLE{Marshall2008-et,
  title       = "Transgenerational plasticity in the sea: context-dependent
                 maternal effects across the life history",
  author      = "Marshall, Dustin J",
  affiliation = "School of Integrative Biology/Centre for Marine Studies,
                 University of Queensland, 4072 Queensland, Australia.
                 d.marshall1@uq.edu.au",
  journal     = "Ecology",
  volume      =  89,
  number      =  2,
  pages       = "418--427",
  month       =  feb,
  year        =  2008,
  language    = "en"
}

@ARTICLE{Padilla2013-th,
  title       = "A systematic review of phenotypic plasticity in marine
                 invertebrate and plant systems",
  author      = "Padilla, Dianna K and Savedo, Monique M",
  affiliation = "Department of Ecology and Evolution, Stony Brook University,
                 Stony Brook, NY, USA. dianna.padilla@stonybrook.edu",
  journal     = "Adv. Mar. Biol.",
  volume      =  65,
  pages       = "67--94",
  year        =  2013,
  language    = "en"
}

@ARTICLE{Hercus2000-ai,
  title       = "Maternal and grandmaternal age influence offspring fitness in
                 Drosophila",
  author      = "Hercus, M J and Hoffmann, A A",
  affiliation = "Centre for Environmental Stress and Adaptation Research, La
                 Trobe University, Bundoora 3083, Victoria, Australia.
                 miriam.hercus@biology.au.dk",
  journal     = "Proc. Biol. Sci.",
  volume      =  267,
  number      =  1457,
  pages       = "2105--2110",
  month       =  "22~" # oct,
  year        =  2000,
  language    = "en"
}

@ARTICLE{Kawecki2004-qo,
  title     = "Conceptual issues in local adaptation",
  author    = "Kawecki, Tadeusz J and Ebert, Dieter",
  journal   = "Ecol. Lett.",
  publisher = "Blackwell Science Ltd",
  volume    =  7,
  number    =  12,
  pages     = "1225--1241",
  month     =  "1~" # dec,
  year      =  2004
}

@ARTICLE{Salinas2013-ry,
  title   = "Non-genetic inheritance and changing environments",
  author  = "Salinas, Santiago and Brown, Simon C and Mangel, Marc and Munch,
             Stephan B",
  journal = "Non-Genetic Inheritance",
  volume  =  1,
  month   =  "22~" # jan,
  year    =  2013
}

@ARTICLE{Heare2017-uv,
  title   = "Evidence of Ostrea lurida (Carpenter 1864) population structure in
             Puget Sound, {WA}",
  author  = "Heare, Jake E and Blake, Brady and Davis, Jonathan P and
             Vadopalas, Brent and Roberts, Steven B",
  journal = "Marine Ecology",
  year    =  2017
}

@ARTICLE{Bible2016-rb,
  title     = "Local adaptation in an estuarine foundation species:
               Implications for restoration",
  author    = "Bible, Jillian M and Sanford, Eric",
  journal   = "Biol. Conserv.",
  publisher = "Elsevier Ltd",
  volume    =  193,
  pages     = "95--102",
  year      =  2016
}

@ARTICLE{Bates2015-ky,
  title   = "Fitting Linear {Mixed-Effects} Models Using lme4",
  author  = "Bates, Douglas and M{\"a}chler, Martin and Bolker, Ben and Walker,
             Steve",
  journal = "Journal of Statistical Software, Articles",
  volume  =  67,
  number  =  1,
  pages   = "1--48",
  year    =  2015
}

@ARTICLE{Seale2009-uw,
  title     = "Seasonal settlement of Olympia oyster larvae, Ostrea lurida
               Carpenter 1864 and its relationship to seawater temperature in
               two southern California estuaries",
  author    = "Seale, E M and Zacherl, D C",
  journal   = "J. Shellfish Res.",
  publisher = "BioOne",
  year      =  2009
}

@ARTICLE{Sanford2011-fy,
  title       = "Local adaptation in marine invertebrates",
  author      = "Sanford, Eric and Kelly, Morgan W",
  affiliation = "Department of Evolution and Ecology and Bodega Marine
                 Laboratory, University of California, Davis, Bodega Bay,
                 California 94923, USA. edsanford@ucdavis.edu",
  journal     = "Ann. Rev. Mar. Sci.",
  volume      =  3,
  pages       = "509--535",
  year        =  2011,
  language    = "en"
}

@ARTICLE{Teplitsky2008-fe,
  title       = "Bergmann's rule and climate change revisited: disentangling
                 environmental and genetic responses in a wild bird population",
  author      = "Teplitsky, C{\'e}line and Mills, James A and Alho, Jussi S and
                 Yarrall, John W and Meril{\"a}, Juha",
  affiliation = "Ecological Genetics Research Unit, Department of Biological
                 and Environmental Sciences, PO Box 65, FI-00014 University of
                 Helsinki, Helsinki, Finland. teplitsky@mnhn.fr",
  journal     = "Proc. Natl. Acad. Sci. U. S. A.",
  volume      =  105,
  number      =  36,
  pages       = "13492--13496",
  month       =  "9~" # sep,
  year        =  2008,
  language    = "en"
}

@ARTICLE{Heino1999-fb,
  title     = "Evolution of resource allocation between growth and reproduction
               in animals with indeterminate growth",
  author    = "{Heino} and {Kaitala}",
  journal   = "J. Evol. Biol.",
  publisher = "Blackwell Publishing Ltd",
  volume    =  12,
  number    =  3,
  pages     = "423--429",
  month     =  "1~" # may,
  year      =  1999
}

@ARTICLE{Camara2009-sn,
  title   = "Genetic Aspects of Restoring Olympia Oysters and Other Native
             Bivalves: Balancing the Need for Action, Good Intentions, and the
             Risks of Making Things Worse",
  author  = "Camara, Mark D and Vadopalas, Brent",
  journal = "Journal of Shellfish Research",
  volume  =  28,
  number  =  1,
  pages   = "121--145",
  year    =  2009
}

@ARTICLE{Schmidt2001-ex,
  title       = "Adaptive maintenance of genetic polymorphism in an intertidal
                 barnacle: habitat- and life-stage-specific survivorship of Mpi
                 genotypes",
  author      = "Schmidt, P S and Rand, D M",
  affiliation = "Department of Ecology and Evolutionary Biology, Brown
                 University, Providence, Rhode Island 02912, USA.
                 pschmidt@life.bio.sunysb.edu",
  journal     = "Evolution",
  volume      =  55,
  number      =  7,
  pages       = "1336--1344",
  month       =  jul,
  year        =  2001,
  language    = "en"
}

@MISC{Pohlert2014-lr,
  title  = "The Pairwise Multiple Comparison of Mean Ranks Package ({PMCMR})",
  author = "Pohlert, Thorsten",
  year   =  2014
}

@ARTICLE{Pontarp2015-oc,
  title     = "Adaptation of timing of life history traits and population
               dynamic responses to climate change in spatially structured
               populations",
  author    = "Pontarp, Mikael and Johansson, Jacob and Jonz{\'e}n, Niclas and
               Lundberg, Per",
  journal   = "Evol. Ecol.",
  publisher = "Springer International Publishing",
  volume    =  29,
  number    =  4,
  pages     = "565--579",
  month     =  "1~" # jul,
  year      =  2015,
  language  = "en"
}

@ARTICLE{McClure2008-al,
  title       = "Evolutionary effects of alternative artificial propagation
                 programs: implications for viability of endangered anadromous
                 salmonids",
  author      = "McClure, Michelle M and Utter, Fred M and Baldwin, Casey and
                 Carmichael, Richard W and Hassemer, Peter F and Howell, Philip
                 J and Spruell, Paul and Cooney, Thomas D and Schaller, Howard
                 A and Petrosky, Charles E",
  affiliation = "Northwest Fisheries Science Center Seattle, WA. University of
                 Washington Seattle, WA. Washington Department of Fish and
                 Wildlife Wenatchee, WA. Oregon Department of Fish and Wildlife
                 La Grande, OR. Idaho Department of Fish and Game Boise, ID. US
                 Forest Service La Grande, OR. Southern Utah University Cedar
                 City, UT. US Fish and Wildlife Service Vancouver, WA.",
  journal     = "Evol. Appl.",
  volume      =  1,
  number      =  2,
  pages       = "356--375",
  month       =  may,
  year        =  2008,
  language    = "en"
}

@ARTICLE{Parker2013-xg,
  title       = "Predicting the response of molluscs to the impact of ocean
                 acidification",
  author      = "Parker, Laura M and Ross, Pauline M and O'Connor, Wayne A and
                 P{\"o}rtner, Hans O and Scanes, Elliot and Wright, John M",
  affiliation = "School of Science and Health, University of Western Sydney,
                 Hawkesbury K12, Locked Bag 1797, Penrith, Sydney, New South
                 Wales 2751, Australia. l.parker@uws.edu.au. School of Science
                 and Health, University of Western Sydney, Hawkesbury K12,
                 Locked Bag 1797, Penrith, Sydney, New South Wales 2751,
                 Australia. pm.ross@uws.edu.au. Industry and Investment NSW,
                 Port Stephens Fisheries Centre, Taylors Beach, New South Wales
                 2316, Australia. connor@dpi.nsw.gov.au. Alfred Wegener
                 Institute for Polar and Marine Research in the Hermann von
                 Helmholtz Association of National Research Centres e. V.
                 (HGF), Am Handelshafen 12, Bremerhaven, 27570,Germany.
                 Hans.Poertner@awi.de. School of Science and Health, University
                 of Western Sydney, Hawkesbury K12, Locked Bag 1797, Penrith,
                 Sydney, New South Wales 2751, Australia.
                 16745966@student.uws.edu.au. School of Science and Health,
                 University of Western Sydney, Hawkesbury K12, Locked Bag 1797,
                 Penrith, Sydney, New South Wales 2751, Australia.
                 j.wright@uws.edu.au.",
  journal     = "Biology",
  volume      =  2,
  number      =  2,
  pages       = "651--692",
  month       =  "2~" # apr,
  year        =  2013,
  language    = "en"
}

@ARTICLE{Parker2012-os,
  title   = "Adult exposure influences offspring response to ocean
             acidification in oysters",
  author  = "Parker, Laura M and Ross, Pauline M and O'Connor, Wayne A and
             Borysko, Larissa and Raftos, David A and P{\"o}rtner, Hans-Otto",
  journal = "Glob. Chang. Biol.",
  volume  =  18,
  number  =  1,
  pages   = "82--92",
  month   =  "1~" # jan,
  year    =  2012
}

@ARTICLE{Ruesink2005-lt,
  title     = "Introduction of {Non-Native} Oysters: Ecosystem Effects and
               Restoration Implications",
  author    = "Ruesink, Jennifer L and Lenihan, Hunter S and Trimble, Alan C
               and Heiman, Kimberly W and Micheli, Fiorenza and Byers, James E
               and Kay, Matthew C",
  journal   = "Annu. Rev. Ecol. Evol. Syst.",
  publisher = "Annual Reviews",
  volume    =  36,
  number    =  1,
  pages     = "643--689",
  month     =  "10~" # nov,
  year      =  2005
}

@INCOLLECTION{Palmer1994-nw,
  title     = "Temperature Sensitivity, Rate of Development, and Time to
               Maturity: Geographic Variation in {Laboratory-Reared} Nucella
               and a {Cross-Phyletic} Overview",
  booktitle = "Reproduction and Development of Marine Invertebrates",
  author    = "Palmer, A Richard",
  editor    = "{Wilson, W H Stricker, S A}",
  publisher = "Johns Hopkins University Press",
  pages     = "177--194",
  year      =  1994
}

@MISC{Baums2008-od,
  title   = "A restoration genetics guide for coral reef conservation",
  author  = "Baums, Iliana B",
  journal = "Molecular Ecology",
  volume  =  17,
  number  =  12,
  pages   = "2796--2811",
  year    =  2008
}

@ARTICLE{Perrin1993-wa,
  title     = "Optimal growth strategies when mortality and production rates
               are size-dependent",
  author    = "Perrin, N and Sibly, R M and Nichols, N K",
  journal   = "Evol. Ecol.",
  publisher = "Kluwer Academic Publishers",
  volume    =  7,
  number    =  6,
  pages     = "576--592",
  month     =  "1~" # nov,
  year      =  1993,
  language  = "en"
}

@ARTICLE{Carroll2014-ts,
  title   = "Applying evolutionary biology to address global challenges",
  author  = "Carroll, Scott P and Jorgensen, P S and Kinnison, Michael T and
             Bergstrom, Carl T and Denison, R Ford and Gluckman, Peter and
             Smith, Thomas B and Strauss, Sharon Y and Tabashnik, Bruce E and
             J{\o}rgensen, Peter S{\o}gaard and Kinnison, Michael T and
             Bergstrom, Carl T and Denison, R Ford and Gluckman, Peter and
             Smith, Thomas B and Strauss, Sharon Y and Tabashnik, Bruce E and
             Jorgensen, P S and Kinnison, Michael T and Bergstrom, Carl T and
             Denison, R Ford and Gluckman, Peter and Smith, Thomas B and
             Strauss, Sharon Y and Tabashnik, Bruce E",
  journal = "Science",
  volume  =  346,
  number  =  6207,
  year    =  2014
}

@ARTICLE{Conover2006-tk,
  title     = "Spatial and temporal scales of adaptive divergence in marine
               fishes and the implications for conservation",
  author    = "Conover, D O and Clarke, L M and Munch, S B and Wagner, G N",
  journal   = "J. Fish Biol.",
  publisher = "Blackwell Publishing Ltd",
  volume    =  69,
  pages     = "21--47",
  month     =  "1~" # dec,
  year      =  2006
}

@ARTICLE{Grosberg2001-tv,
  title   = "Genetic structure in the sea",
  author  = "Grosberg, Rick and Cunningham, C W",
  journal = "Marine community ecology. Sinauer, Sunderland, MA",
  pages   = "61--84",
  year    =  2001
}

@ARTICLE{Parker2015-bp,
  title       = "Persistence of Positive Carryover Effects in the Oyster,
                 Saccostrea glomerata, following Transgenerational Exposure to
                 Ocean Acidification",
  author      = "Parker, Laura M and O'Connor, Wayne A and Raftos, David A and
                 P{\"o}rtner, Hans-Otto and Ross, Pauline M",
  affiliation = "School of Science and Health, University of Western Sydney,
                 Hawkesbury K12, Locked Bag 1797, Penrith South DC 2751,
                 Sydney, New South Wales, Australia. NSW Department of Primary
                 Industries, Port Stephens Fisheries Centre, Taylors Beach, New
                 South Wales, Australia. Department of Biological Sciences,
                 Macquarie University, North Ryde, New South Wales, Australia.
                 Alfred Wegener Institute for Polar and Marine Research in the
                 Hermann von Helmholtz Association of National Research Centres
                 e. V. (HGF), Am Handelshafen 12, Bremerhaven, Germany. School
                 of Science and Health, University of Western Sydney,
                 Hawkesbury K12, Locked Bag 1797, Penrith South DC 2751,
                 Sydney, New South Wales, Australia.",
  journal     = "PLoS One",
  volume      =  10,
  number      =  7,
  pages       = "e0132276",
  month       =  "6~" # jul,
  year        =  2015,
  language    = "en"
}

@ARTICLE{Reusch2014-lo,
  title       = "Climate change in the oceans: evolutionary versus
                 phenotypically plastic responses of marine animals and plants",
  author      = "Reusch, Thorsten B H",
  affiliation = "GEOMAR Helmholtz-Centre for Ocean Research Kiel, Marine
                 Ecology - Evolutionary Ecology of Marine Fishes Kiel, Germany.",
  journal     = "Evol. Appl.",
  volume      =  7,
  number      =  1,
  pages       = "104--122",
  month       =  jan,
  year        =  2014,
  language    = "en"
}

@BOOK{West-Eberhard2003-ja,
  title     = "Developmental Plasticity and Evolution",
  author    = "West-Eberhard, Mary Jane",
  publisher = "Oxford University Press",
  month     =  "13~" # mar,
  year      =  2003,
  language  = "en"
}

@ARTICLE{Folkvord2014-jj,
  title     = "Trade-offs between growth and reproduction in wild Atlantic cod",
  author    = "Folkvord, Arild and J{\o}rgensen, Christian and Korsbrekke, Knut
               and Nash, Richard D M and Nilsen, Trygve and Skj{\ae}raasen, Jon
               Egil",
  journal   = "Can. J. Fish. Aquat. Sci.",
  publisher = "NRC Research Press",
  volume    =  71,
  number    =  7,
  pages     = "1106--1112",
  month     =  "8~" # apr,
  year      =  2014
}

@ARTICLE{Jones2013-pe,
  title       = "When local isn't best",
  author      = "Jones, Thomas A",
  affiliation = "USDA-Agricultural Research Service, Forage and Range Research
                 Laboratory Logan, UT, USA.",
  journal     = "Evol. Appl.",
  volume      =  6,
  number      =  7,
  pages       = "1109--1118",
  month       =  nov,
  year        =  2013,
  language    = "en"
}

@ARTICLE{Ross2016-en,
  title     = "Transgenerational responses of molluscs and echinoderms to
               changing ocean conditions",
  author    = "Ross, Pauline M and Parker, Laura and Byrne, Maria",
  journal   = "ICES J. Mar. Sci.",
  publisher = "Oxford University Press",
  volume    =  73,
  number    =  3,
  pages     = "537--549",
  month     =  "1~" # mar,
  year      =  2016
}

@ARTICLE{Hettinger2013-od,
  title   = "Larval carry-over effects from ocean acidification persist in the
             natural environment",
  author  = "Hettinger, Annaliese and Sanford, Eric and Hill, Tessa M and Lenz,
             Elizabeth A and Russell, Ann D and Gaylord, Brian",
  journal = "Glob. Chang. Biol.",
  volume  =  19,
  number  =  11,
  pages   = "3317--3326",
  year    =  2013
}

@TECHREPORT{Blake2012-ln,
  title       = "Washington Department of Fish and Wildlife Plan for Rebuilding
                 Olympia Oyster (Ostrea lurida) Populations in Puget Sound with
                 a Historical and Contemporary Overview",
  author      = "Blake, Brady and Bradbury, Alex",
  institution = "Washington Department of Fish and Wildlife",
  year        =  2012,
  address     = "Brinnon, WA"
}

@ARTICLE{Dittman1998-xm,
  title    = "Growth patterns in oysters, Crassostrea virginica, from different
              estuaries",
  author   = "Dittman, Dawn and Ford, S E and Haskin, H H",
  journal  = "Marine Biology",
  volume   =  132,
  number   =  3,
  pages    = "461--469",
  month    =  "10~" # jan,
  year     =  1998
}

@ARTICLE{Barber1991-og,
  title   = "Genetic Variation in the Timing of Gonadal Maturation and Spawning
             of the Eastern Oyster, Crassostrea virginica (Gmelin)",
  author  = "Barber, B J and Ford, S E and Wargo, R N",
  journal = "Biol. Bull.",
  volume  =  181,
  number  =  2,
  pages   = "216--221",
  year    =  1991
}

@ARTICLE{Marshall2010-lc,
  title     = "Phenotype--environment mismatches reduce connectivity in the sea",
  author    = "Marshall, D J and Monro, K and Bode, M and Keough, M J and
               Swearer, S",
  journal   = "Ecol. Lett.",
  publisher = "Blackwell Publishing Ltd",
  volume    =  13,
  number    =  1,
  pages     = "128--140",
  month     =  "1~" # jan,
  year      =  2010
}

@ARTICLE{Palumbi1994-rv,
  title     = "Genetic Divergence, Reproductive Isolation, and Marine
               Speciation",
  author    = "Palumbi, S R",
  journal   = "Annu. Rev. Ecol. Syst.",
  publisher = "Annual Reviews",
  volume    =  25,
  number    =  1,
  pages     = "547--572",
  month     =  "1~" # nov,
  year      =  1994
}

@ARTICLE{Sanford2010-df,
  title       = "Local adaptation along a continuous coastline: prey
                 recruitment drives differentiation in a predatory snail",
  author      = "Sanford, Eric and Worth, David J",
  affiliation = "Department of Evolution and Ecology, University of California,
                 Davis, California 95616, USA. edsanford@ucdavis.edu",
  journal     = "Ecology",
  volume      =  91,
  number      =  3,
  pages       = "891--901",
  month       =  mar,
  year        =  2010,
  language    = "en"
}

@ARTICLE{Pepin1991-ja,
  title     = "Effect of Temperature and Size on Development, Mortality, and
               Survival Rates of the Pelagic Early Life History Stages of
               Marine Fish",
  author    = "Pepin, Pierre",
  journal   = "Can. J. Fish. Aquat. Sci.",
  publisher = "NRC Research Press",
  volume    =  48,
  number    =  3,
  pages     = "503--518",
  month     =  "1~" # mar,
  year      =  1991
}

@ARTICLE{Allen2008-vb,
  title   = "Offspring Size Plasticity in Response to Intraspecific
             Competition: An Adaptive Maternal Effect across Life‐History
              Stages",
  author  = "Allen, Richard M and Buckley, Yvonne M and Marshall, Dustin J",
  journal = "Am. Nat.",
  volume  =  171,
  number  =  2,
  pages   = "225--237",
  year    =  2008
}

@INCOLLECTION{Marshall2008-np,
  title     = "The Ecological And Evolutionary Importance Of Maternal Effects
               In The Sea",
  booktitle = "Oceanography and Marine Biology",
  author    = "Marshall, Dustinj and Allen, Richardm and Crean, Angelaj",
  publisher = "CRC Press",
  pages     = "203--262",
  series    = "Oceanography and Marine Biology - An Annual Review",
  month     =  "5~" # jun,
  year      =  2008
}

@INCOLLECTION{Byrne2011-hk,
  title     = "Impact of ocean warming and ocean acidification on marine
               invertebrate life history stages",
  booktitle = "Oceanography and Marine Biology",
  author    = "Byrne, Maria",
  publisher = "CRC Press",
  series    = "Oceanography and Marine Biology - An Annual Review",
  month     =  "22~" # jun,
  year      =  2011
}

@ARTICLE{Sanford2009-tf,
  title       = "Genetic differences among populations of a marine snail drive
                 geographic variation in predation",
  author      = "Sanford, Eric and Worth, David J",
  affiliation = "Department of Evolution and Ecology, University of California,
                 Davis, California 95616, USA. edsanford@ucdavis.edu",
  journal     = "Ecology",
  volume      =  90,
  number      =  11,
  pages       = "3108--3118",
  month       =  nov,
  year        =  2009,
  language    = "en"
}

@ARTICLE{Kuo2009-co,
  title   = "Geographic variation in the upper thermal limits of an intertidal
             snail: Implications for climate envelope models",
  author  = "Kuo, E S L and Sanford, Eric",
  journal = "Mar. Ecol. Prog. Ser.",
  volume  =  388,
  pages   = "137--146",
  year    =  2009
}

@ARTICLE{Barber2016-ws,
  title   = "Low Temperature Brooding of Olympia Oysters ( Ostrea lurida ) in
             Northern Puget Sound",
  author  = "Barber, Julie S and Dexter, Jackie E and Grossman, Sarah K and
             Greiner, Courtney M and Mcardle, James T",
  journal = "J. Shellfish Res.",
  volume  =  35,
  number  =  2,
  pages   = "351--357",
  year    =  2016
}

@ARTICLE{Carson2010-xi,
  title   = "Population connectivity of the Olympia oyster in southern
             California",
  author  = "Carson, Henry S",
  journal = "Limnol. Oceanogr.",
  volume  =  55,
  number  =  1,
  pages   = "134--148",
  month   =  "1~" # jan,
  year    =  2010
}

@ARTICLE{Schneider2012-js,
  title       = "{NIH} Image to {ImageJ}: 25 years of image analysis",
  author      = "Schneider, Caroline A and Rasband, Wayne S and Eliceiri, Kevin
                 W",
  affiliation = "Laboratory for Optical and Computational Instrumentation,
                 University of Wisconsin at Madison, Madison, Wisconsin, USA.",
  journal     = "Nat. Methods",
  volume      =  9,
  number      =  7,
  pages       = "671--675",
  month       =  jul,
  year        =  2012,
  language    = "en"
}
